% Encoding: UTF-8

@Book{Boeckh2015,
	title     = {Wärmeübertragung},
	publisher = {Springer Berlin Heidelberg},
	year      = {2015},
	author    = {Peter Böckh and Thomas Wetzel},
	timestamp = {2020-01-02},
}

@PhdThesis{Brack2016,
	author    = {Brack, Wolfgang},
	title     = {{Untersuchung der Ablagerungsbildung durch Harnstofffolgeprodukte im Abgasstrang}},
	school    = {Karlsruher Institut für Technologie (KIT)},
	year      = {2016},
	isbn      = {978-3-8440-4765-3},
	language  = {german},
	pagetotal = {155},
	publisher = {{Shaker Verlag, Aachen}},
	series    = {Berichte aus der Strömungstechnik},
}

@Book{Boeswirth2014,
	title     = {{Technische Strömungslehre}},
	publisher = {Springer Fachmedien Wiesbaden},
	year      = {2014},
	author    = {Leopold Böswirth and Sabine Bschorer},
}

@Book{Koch2018,
	title     = {{Diesel {\textendash} eine sachliche Bewertung der aktuellen Debatte}},
	publisher = {Springer Fachmedien Wiesbaden},
	year      = {2018},
	author    = {Thomas Koch},
	timestamp = {2019-10-31},
}

@Book{Langeheinecke2008,
	title     = {{Thermodynamik für Ingenieure}},
	publisher = {Vieweg+Teubner Verlag},
	year      = {2008},
	author    = {Langeheinecke, Klaus and Jany, Peter and Thileke, Gerd},
}

@Book{Reif2012,
	title     = {{Dieselmotor-Management}},
	publisher = {Vieweg+Teubner Verlag},
	year      = {2012},
	author    = {Konrad Reif},
}

@Book{Reif2010,
	title     = {{Moderne Diesel-Einspritzsysteme}},
	publisher = {Vieweg+Teubner Verlag},
	year      = {2010},
	author    = {Konrad Reif},
	date      = {2010-07-01},
	pagetotal = {172},
}

@Comment{jabref-meta: databaseType:bibtex;}
